<collection xmlns="http://www.loc.gov/MARC21/slim">
<record>
  <leader>04346nam0a22006851i 450 </leader>
  <controlfield tag="001">IT\ICCU\CNCE\034030</controlfield>
  <controlfield tag="005">20160517000000.0</controlfield>
  <datafield tag="012" ind1=" " ind2=" ">
    <subfield code="a">s-ad 16em seit inli (3) 1571 (R)</subfield>
    <subfield code="2">fei</subfield>
  </datafield>
  <datafield tag="100" ind1=" " ind2=" ">
    <subfield code="a">19971229d1571        0itac0103    ba</subfield>
  </datafield>
  <datafield tag="101" ind1=" " ind2=" ">
    <subfield code="a">LAT</subfield>
  </datafield>
  <datafield tag="102" ind1=" " ind2=" ">
    <subfield code="a">IT</subfield>
  </datafield>
  <datafield tag="200" ind1="1" ind2=" ">
    <subfield code="a">℗Hieronymi Mercurialis ℗Variarum lectionum libri quatuor. In quibus complurium, maximeque medicinae scriptorum infinita paene loca vel corrupta restituuntur, vel obscura declarantur. Alexandri Tralliani De lumbricis epistola eiusdem Mercurialis opera, et diligentia Graece, et Latine nunc primum edita</subfield>
  </datafield>
  <datafield tag="210" ind1=" " ind2=" ">
    <subfield code="a">Venetiis</subfield>
    <subfield code="c">Gratiosus Perchacinus excudebat</subfield>
    <subfield code="c">sumptibus Pauli &amp; Antonij Meieti frat. librarij Patauini</subfield>
    <subfield code="d">1571</subfield>
  </datafield>
  <datafield tag="215" ind1=" " ind2=" ">
    <subfield code="a">\20!, 122, \10! c.</subfield>
    <subfield code="d">4ʻ</subfield>
  </datafield>
  <datafield tag="300" ind1=" " ind2=" ">
    <subfield code="a">A c. 2I1r con proprio front: Alexandri Tralliani De lumbricis epistola. Nunc primum Graece, &amp; Latine edita. Venetiis : apud Paulum et Antonium Meietos fratres, 1570</subfield>
  </datafield>
  <datafield tag="620" ind1=" " ind2=" ">
    <subfield code="a">IT</subfield>
    <subfield code="d">Venezia</subfield>
  </datafield>
  <datafield tag="700" ind1=" " ind2="1">
    <subfield code="a">Mercuriale,</subfield>
    <subfield code="b">Girolamo</subfield>
    <subfield code="3">IT\ICCU\CNCA\005749</subfield>
  </datafield>
  <datafield tag="702" ind1=" " ind2="0">
    <subfield code="a">Alexander</subfield>
    <subfield code="c"> : Trallianus</subfield>
    <subfield code="3">IT\ICCU\CNCA\000599</subfield>
  </datafield>
  <datafield tag="712" ind1="0" ind2="0">
    <subfield code="a">Percacino, Grazioso</subfield>
    <subfield code="3">IT\ICCU\CNCT\000435</subfield>
    <subfield code="4">650</subfield>
  </datafield>
  <datafield tag="712" ind1="0" ind2="0">
    <subfield code="a">Meietti, Paolo &amp; Meietti, Antonio</subfield>
    <subfield code="3">IT\ICCU\CNCT\000476</subfield>
    <subfield code="4">650</subfield>
  </datafield>
  <datafield tag="790" ind1=" " ind2="1">
    <subfield code="a">Mercuriali,</subfield>
    <subfield code="b">Girolamo</subfield>
    <subfield code="3">IT\ICCU\CNCA\020522</subfield>
    <subfield code="z">Mercuriale, Girolamo</subfield>
  </datafield>
  <datafield tag="790" ind1=" " ind2="1">
    <subfield code="a">Mercurialis,</subfield>
    <subfield code="b">Hieronymus</subfield>
    <subfield code="3">IT\ICCU\CNCA\020523</subfield>
    <subfield code="z">Mercuriale, Girolamo</subfield>
  </datafield>
  <datafield tag="790" ind1=" " ind2="0">
    <subfield code="a">Alexander</subfield>
    <subfield code="c"> : Trallensis</subfield>
    <subfield code="3">IT\ICCU\CNCA\026817</subfield>
    <subfield code="z">Alexander : Trallianus</subfield>
  </datafield>
  <datafield tag="790" ind1=" " ind2="0">
    <subfield code="a">Alexander</subfield>
    <subfield code="c"> : von#Tralles</subfield>
    <subfield code="3">IT\ICCU\CNCA\026818</subfield>
    <subfield code="z">Alexander : Trallianus</subfield>
  </datafield>
  <datafield tag="790" ind1=" " ind2="0">
    <subfield code="a">Alexandre</subfield>
    <subfield code="c"> : de#Tralles</subfield>
    <subfield code="3">IT\ICCU\CNCA\026819</subfield>
    <subfield code="z">Alexander : Trallianus</subfield>
  </datafield>
  <datafield tag="790" ind1=" " ind2="0">
    <subfield code="a">Alexander</subfield>
    <subfield code="c"> : of#Tralles</subfield>
    <subfield code="3">IT\ICCU\CNCA\026820</subfield>
    <subfield code="z">Alexander : Trallianus</subfield>
  </datafield>
  <datafield tag="790" ind1=" " ind2="0">
    <subfield code="a">Alessandro</subfield>
    <subfield code="c"> : di#Tralle</subfield>
    <subfield code="3">IT\ICCU\CNCA\026821</subfield>
    <subfield code="z">Alexander : Trallianus</subfield>
  </datafield>
  <datafield tag="791" ind1="0" ind2="0">
    <subfield code="a">Perchacinus, Gratiosus</subfield>
    <subfield code="3">IT\ICCU\CNCT\002488</subfield>
    <subfield code="z">Percacino, Grazioso</subfield>
  </datafield>
  <datafield tag="791" ind1="0" ind2="0">
    <subfield code="a">Perchacino, Gratioso</subfield>
    <subfield code="3">IT\ICCU\CNCT\005369</subfield>
    <subfield code="z">Percacino, Grazioso</subfield>
  </datafield>
  <datafield tag="791" ind1="0" ind2="0">
    <subfield code="a">Percaccino, Gratioso</subfield>
    <subfield code="3">IT\ICCU\CNCT\005370</subfield>
    <subfield code="z">Percacino, Grazioso</subfield>
  </datafield>
  <datafield tag="791" ind1="0" ind2="0">
    <subfield code="a">Meietti, Antonio</subfield>
    <subfield code="3">IT\ICCU\CNCT\000477</subfield>
    <subfield code="z">Meietti, Paolo &amp; Meietti, Antonio</subfield>
  </datafield>
  <datafield tag="801" ind1=" " ind2="3">
    <subfield code="a">IT</subfield>
    <subfield code="b">ICCU</subfield>
    <subfield code="c">20201114</subfield>
  </datafield>
  <datafield tag="899" ind1=" " ind2=" ">
    <subfield code="a">Biblioteca provinciale Salvatore Tommasi. Bazzano</subfield>
    <subfield code="1">AQ0047</subfield>
    <subfield code="2">ABR PR</subfield>
  </datafield>
  <datafield tag="899" ind1=" " ind2=" ">
    <subfield code="a">Biblioteca civica A. Mai. Bergamo</subfield>
    <subfield code="1">BG0026</subfield>
    <subfield code="2">LO1 02</subfield>
  </datafield>
  <datafield tag="899" ind1=" " ind2=" ">
    <subfield code="a">Biblioteca comunale dell&apos;Archiginnasio. Bologna</subfield>
    <subfield code="1">BO0304</subfield>
    <subfield code="2">UBO GA</subfield>
  </datafield>
  <datafield tag="899" ind1=" " ind2=" ">
    <subfield code="a">Biblioteca civica. Cuneo</subfield>
    <subfield code="1">CN0037</subfield>
    <subfield code="2">TO0 50</subfield>
  </datafield>
  <datafield tag="899" ind1=" " ind2=" ">
    <subfield code="a">Biblioteca Riccardiana. Firenze</subfield>
    <subfield code="1">FI0094</subfield>
    <subfield code="2">CFI RF</subfield>
  </datafield>
  <datafield tag="899" ind1=" " ind2=" ">
    <subfield code="a">Biblioteca nazionale centrale. Firenze</subfield>
    <subfield code="1">FI0098</subfield>
    <subfield code="2">CFI CF</subfield>
  </datafield>
  <datafield tag="899" ind1=" " ind2=" ">
    <subfield code="a">Biblioteca medica - IRCCS AOU San Martino/IST. Genova</subfield>
    <subfield code="z">MUTILO</subfield>
    <subfield code="1">GE0037</subfield>
    <subfield code="2">ZGE 20</subfield>
  </datafield>
  <datafield tag="899" ind1=" " ind2=" ">
    <subfield code="a">Biblioteca e Archivio dell&apos;Istituto lombardo Accademia di scienze e lettere. Milano</subfield>
    <subfield code="1">MI0306</subfield>
    <subfield code="2">ZMI 26</subfield>
  </datafield>
  <datafield tag="899" ind1=" " ind2=" ">
    <subfield code="a">Biblioteca comunale Filippo Rondinelli. Montalbano Jonico</subfield>
    <subfield code="1">MT0033</subfield>
    <subfield code="2">BAS FR</subfield>
  </datafield>
  <datafield tag="899" ind1=" " ind2=" ">
    <subfield code="a">Biblioteca civica. Padova</subfield>
    <subfield code="1">PD0090</subfield>
    <subfield code="2">PUV 55</subfield>
  </datafield>
  <datafield tag="899" ind1=" " ind2=" ">
    <subfield code="a">Biblioteca universitaria. Padova</subfield>
    <subfield code="1">PD0158</subfield>
    <subfield code="2">PUV 00</subfield>
  </datafield>
  <datafield tag="899" ind1=" " ind2=" ">
    <subfield code="a">Biblioteca comunale Sperelliana. Gubbio</subfield>
    <subfield code="1">PG0049</subfield>
    <subfield code="2">UM1 11</subfield>
  </datafield>
  <datafield tag="899" ind1=" " ind2=" ">
    <subfield code="a">Biblioteca comunale Augusta. Perugia</subfield>
    <subfield code="1">PG0109</subfield>
    <subfield code="2">UM1 01</subfield>
  </datafield>
  <datafield tag="899" ind1=" " ind2=" ">
    <subfield code="a">Biblioteca universitaria. Pisa</subfield>
    <subfield code="1">PI0112</subfield>
    <subfield code="2">PIS R1</subfield>
  </datafield>
  <datafield tag="899" ind1=" " ind2=" ">
    <subfield code="a">Biblioteca della Scuola normale superiore. Pisa</subfield>
    <subfield code="1">PI0266</subfield>
    <subfield code="2">RT1 QN</subfield>
  </datafield>
  <datafield tag="899" ind1=" " ind2=" ">
    <subfield code="a">Biblioteca centrale dell&apos;Area umanistica dell&apos;Universit ̉degli studi di Urbino. Urbino</subfield>
    <subfield code="1">PU0206</subfield>
    <subfield code="2">URB AU</subfield>
  </datafield>
  <datafield tag="899" ind1=" " ind2=" ">
    <subfield code="a">Biblioteca del Collegio Ghislieri. Pavia</subfield>
    <subfield code="1">PV0079</subfield>
    <subfield code="2">PAV C2</subfield>
  </datafield>
  <datafield tag="899" ind1=" " ind2=" ">
    <subfield code="a">Biblioteca universitaria. Pavia</subfield>
    <subfield code="1">PV0291</subfield>
    <subfield code="2">MIL UP</subfield>
  </datafield>
  <datafield tag="899" ind1=" " ind2=" ">
    <subfield code="a">Biblioteca nazionale centrale. Roma</subfield>
    <subfield code="z">MUTILO</subfield>
    <subfield code="1">RM0267</subfield>
    <subfield code="2">BVE CR</subfield>
  </datafield>
  <datafield tag="899" ind1=" " ind2=" ">
    <subfield code="a">Biblioteca Angelica. Roma</subfield>
    <subfield code="1">RM0290</subfield>
    <subfield code="2">RML 06</subfield>
  </datafield>
  <datafield tag="899" ind1=" " ind2=" ">
    <subfield code="a">Biblioteca nazionale universitaria. Torino</subfield>
    <subfield code="1">TO0265</subfield>
    <subfield code="2">TO0 02</subfield>
  </datafield>
  <datafield tag="899" ind1=" " ind2=" ">
    <subfield code="a">Biblioteca comunale. Treviso</subfield>
    <subfield code="1">TV0114</subfield>
    <subfield code="2">VIA CT</subfield>
  </datafield>
  <datafield tag="899" ind1=" " ind2=" ">
    <subfield code="a">Biblioteca Bartoliniana. Udine</subfield>
    <subfield code="1">UD0243</subfield>
    <subfield code="2">ZUD 12</subfield>
  </datafield>
  <datafield tag="899" ind1=" " ind2=" ">
    <subfield code="a">British Library. London</subfield>
    <subfield code="1">UK0001</subfield>
  </datafield>
  <datafield tag="899" ind1=" " ind2=" ">
    <subfield code="a">Biblioteca civica. Vercelli</subfield>
    <subfield code="1">VC0073</subfield>
    <subfield code="2">TO0 A2</subfield>
  </datafield>
  <datafield tag="899" ind1=" " ind2=" ">
    <subfield code="a">Biblioteca nazionale Marciana. Venezia</subfield>
    <subfield code="1">VE0049</subfield>
    <subfield code="2">VEA BM</subfield>
  </datafield>
  <datafield tag="911" ind1=" " ind2=" ">
    <subfield code="a">Sui front.</subfield>
    <subfield code="9">IT\ICCU\CNCM\000074</subfield>
  </datafield>
  <datafield tag="921" ind1=" " ind2=" ">
    <subfield code="a">IT\ICCU\CNCM\000074</subfield>
    <subfield code="b">Due galli, uno dei quali becca chicchi di miglio; al centro la pianta con le pannocchie. In cornice figurata.</subfield>
    <subfield code="e">Non comedetis fruges mendacii.</subfield>
    <subfield code="c">A146</subfield>
    <subfield code="c">V145</subfield>
    <subfield code="c">Z583</subfield>
    <subfield code="d">Dimensioni: 5,1 x 6,6</subfield>
    <subfield code="f">GALLI</subfield>
    <subfield code="f">PANNOCCHIA</subfield>
    <subfield code="f">NONCOMEDET</subfield>
    <subfield code="g">1570-1598</subfield>
  </datafield>
</record>
</collection>
